%% This BibTeX bibliography file was created using BibDesk.
%% http://bibdesk.sourceforge.net/


%% Created for Denis Kostylev at 2015-08-23 21:42:33 +0800 


%% Saved with string encoding Unicode (UTF-8) 

@online{habr:maps,
	title = "Введение в Javascript Source Maps / Habrahabr",
	url = "http://habrahabr.ru/post/148098/",
	urldate = "23.08.2015",
	language = "russian"
}

@online{github,
	title = "practice2015 repository on GitHub",
	url = "https://github.com/kostydenis/practice2015",
	urldate = "25.08.2015",
	language = "russian"
}

@online{mdncrossdomain,
	title = "Same-origin policy",
	url = "https://developer.mozilla.org/en-US/docs/Web/Security/Same-origin\_policy",
	urldate = "25.08.2015",
	language = "russian"
}

@online{nodejs,
	title = "Node.js is platform for build applications",
	url = "https://nodejs.org",
	urldate = "20.08.2015",
	language = "russian"
}

@online{nwjs,
	urldate = "21.08.2015",
	title = "NW.js is an app runtime based on Chromium and node.js.",
	url = "http://nwjs.io/",
	language = "russian"
}

@online{json,
	urldate = "08.07.2015",
	title = "JSON official site",
	url = "http://json.org/",
	language = "russian"
}

@online{pythonoff,
	urldate = "10.07.2015",
	title = "Python official site",
	url = "https://www.python.org/",
	language = "russian"
}

@online{pythonworld,
	urldate = "16.07.2015",
	title = "Python 3 для начинающих",
	url = "http://pythonworld.ru/",
	language = "russian"
}

@online{jqueryui-autocomplete,
	urldate = "17.07.2015",
	title = "Autocomplete plugin for jQuery",
	url = "https://jqueryui.com/autocomplete/",
	language = "russian"
}

@online{jqueryui,
	urldate = "17.07.2015",
	title = "UI plugins set for jQuery",
	url = "https://jqueryui.com/",
	language = "russian"
}

@online{jquery,
	urldate = "03.08.2015",
	title = "Javascript library for DOM manipulation",
	url = "https://jquery.com/",
	language = "russian"
}

@online{chosen,
	Author = "Patrick Filler",
	urldate = "20.08.2015",
	title = "jQuery plugin for html-select",
	url = "https://harvesthq.github.io/chosen/",
	language = "russian"
}

@online{scss,
	urldate = "21.08.2015",
	title = "CSS-preprocessor",
	url = "http://sass-lang.com/",
	language = "russian"
}

@book{order71,
	publisher = "Следственный комитет РФ",
	title = "Положение <<Об экспертно-криминалистическом отделе Следственного управления СК России по Иркутской области>>",
	year = "2014",
	address = "И.",
	language = "russian"
}

@book{order33,
	publisher = "Следственный комитет РФ",
	title = "Регламент <<Следственного управления Следственного комитета Российской Федерации по Иркутской области>>",
	year = "2015",
	address = "И.",
	language = "russian"
}

@book{29-246,
	publisher = "Следственный комитет РФ",
	title = "Распоряжение №29-246р <<О распределении обязанностей между сотрудниками экспертно-криминалистического отдела Следственного управления СК России по Иркутской области>>",
	year = "2015",
	address = "И.",
	language = "russian"
}

@online{htmlbook,
	urldate = "28.05.2015",
	title = "htmlbook.ru",
	Url = {htmlbook.r,
	language = "russian"u},
	language = "russian"
}

@book{sto005,
	publisher = "ИрГТУ",
	title = "Оформление курсовых и дипломных проектов (работ) технических специальностей",
	year = "2009",
	language = "russian"
}

@online{pythonmanual,
	urldate = "28.05.2015",
	title = "Самоучитель Python",
	url = "http://pythonworld.ru/samouchitel-python",
	language = "russian"
}

@online{habr,
	urldate = "28.05.2015",
	title = "Habrahabr",
	url = "http://habrahabr.ru/",
	language = "russian"
}

@online{codeacadpython,
	urldate = "28.05.2015",
	title = "Learn to program in Python",
	url = "http://www.codecademy.com/en/tracks/python",
	language = "russian"
}

@online{materialdesign,
	urldate = "28.05.2015",
	publisher = "Google",
	title = "Material Design.Guidelines.",
	url = "https://www.google.com/design/spec/material-design",
	language = "russian"
}

@online{stackoverflow,
	urldate = "28.05.2015",
	title = "Stack Overflow",
	url = "http://stackoverflow.com/",
	language = "russian"
}
